@article{Moufang,
  title =  "Zur Struktur von Alternativk√∂rpern",
  author = "R. Moufang",
  journal = "Mathematische Annalen",
  pages = "416--430",
  volume = "110",
  year = "1935"
}

@article{Bel,
  title = "Foundations of the theory of quasigroups and loops",
  author = "V. D. Belousov",
  journal = "Izdat. Nauka",
  year = "1967"
}

@book{Pf,
  title = "Quasigroups and loops: introduction",
  author = "H. O. Pflugfelder",
  publisher = "Heldermann Verlag",
  year = "1990",
}

@article{DiaCC,
  title = "Diassociativity in conjugacy closed loops",
  author = "M. Kinyon and K. Kunen and J.D. Phillips",
  journal = "Com. Algebra",
  volume = "32",
  year = "2004",
  pages = "767 -- 786"
}

@article{PACC,
  title = "Power-associative, conjugacy closed loops",
  author = "M. Kinyon and K. Kunen",
  journal = "J. Algebra",
  volume = "304",
  year = "2006",
  pages = "679--711"
}

@article{BK-inner,
  title = "Inner mapping group result",
  author = "M. Barnes and M. Kinyon",
  journal = "preprint",
  year = "2021"
}

@article{ComTheory,
  title = "Commutator theory for loops",
  author = "D. Stanovsky and P. {Vojt\v{e}chovsk\'{y}}",
  journal = "J. Algebra",
  volume = "399",
  year = "2014",
  pages = "290--322"
}

@article{64and81,
  title = "The Moufang loops of order 64 and 81",
  author = "G. P. Nagy and Petr {Vojt\v{e}chovsk\'{y}}",
  journal = "Journal of Symbolic Computation",
  volume = "42",
  year = "2007"
}

@article{BK-isotopes,
  title = "Quasigroups isotopic to commutative Moufang loops",
  author = "M. Barnes and M. Kinyon",
  journal = "preprint",
  year = "2021"
}

@article{BelousovDist,
  title = "The structure of distributive quasigroups",
  author = "V. D. Belousov",
  journal = "Mat. Sb. (N.S.)",
  volume = "50",
  number = "92",
  year = "1960",
  pages = "267--298"
}

@book{Belousov,
  title = "Foundations of the theory of quasigroups and loops",
  author = "V. D. Belousov",
  year = "1967",
  note = "in Russian",
  publisher = "Nauka"
}

@article{BelousovBalanced,
  title = "Balanced identities in quasigroups",
  journal = "Mat. Sbornik",
  author = "V. D. Belousov",
  volume = "70",
  year = "1966",
  pages = "55--97",
  note = "in Russian"
}

@article{Bruck44,
  title = "Some results in the theory of quasigroups",
  author = "R. H. Bruck",
  journal = "Trans. Amer. Math. Soc.",
  volume = "55",
  year = "1944",
  pages = "19--52"
}

@book{Bruck,
  title = "Survey of binary systems",
  author = "R. H. Bruck",
  publisher = "Springer Verlag",
  year = "1971"
}

@article{JSV,
  author = "{P. Jedli\v{c}ka} and D. {Stanovsk\'{y}} and P. {Vojt\v{e}chovsk\'{y}}",
  title = "Distributive and trimedial quasigroups of order 243",
  journal = "Discrete Math.",
  volume = "340",
  year = "2017",
  pages = "404--415"
}

@article{KepkaF,
  title = "$F$-quasigroups isotopic to Moufang loops",
  author = "T. Kepka",
  journal = "Czechoslovak Math. J.",
  volume = "29",
  year = "1979",
  pages = "62--83"
}

@article{KepkaKinyonPhillips,
  title = "The structure of $F$-quasigroups",
  author = "T. Kepka and M. Kinyon and J.D. Phillips",
  journal = "J. Algebra",
  volume = "317",
  year = "2007",
  pages = "435--461"
}

@article{KKP,
  title = "$F$-quasigroups isotopic to groups",
  author = "T. Kepka and M. Kinyon and J.D. Phillips",
  journal = "Comment. Math. Univ. Carolin.",
  volume = "51",
  year = "2010",
  pages = "267--277"
}

@book{Shcherbacov,
  title = "Elements of quasigroup theory and applications",
  author = "V. Shcherbacov",
  series = "Monographs and Research Notes in Mathematics",
  year = "2017",
  publisher = "CRC Press"
}

@book{Smith,
  title = "An introduction to quasigroups and their representations",
  author = "J.D.H. Smith",
  publisher = "Chapman \& Hall/CRC",
  series = "Studies in Advanced Mathematics",
  year = "2007"
}

@article{Soublin,
  title = "Etude {alg\'{e}brique} de la notion de moyenne",
  author = "J. P. Soublin",
  journal = "J. Math. Pures Appl.",
  volume = "50",
  year = "1971",
  pages = "53--264"
}

@article{Toyoda,
  title = "On axioms of linear functions",
  author = "K. Toyoda",
  journal = "Proc. Imp. Acad. Tokyo",
  volume = "17",
  year = "1941",
  pages = "221--227"
}

@article{SV,
  title = "Central and medial quasigroups of small order",
  author = "D. {Stanovsk\'{y}} and P. {Vojt\v{e}chovsk\'{y}}",
  journal = "Buletinul Academiei De Stiinte",
  volume = "0",
  year = "2016",
  pages = "1--18"
}

@article{SP,
  title = "On the structure of finite paramedial quasigroups",
  author = "V.A. Shcherbacov and D.I. Pushkashku",
  journal = "Comment. Math. Univ. Carolin.",
  volume = "51",
  year = "2010",
  pages = "357--370"
}

@article{Ivy,
  title = "Undirected power graphs of semigroups",
  author = "I. Chakrabarty and S. Ghosh and M.K. Sen",
  journal = "Semigroup Forum",
  volume = "78",
  year = "2009",
  pages = "410--426"
}

@article{PGII,
  title = "The power graph of a finite group, II",
  author = "P. J. Cameron",
  journal = "Discrete Mathematics",
  year = "2011",
  volume = "311",
  number = "6"
}

@article{PG,
  title = "The power graph of a finite group",
  author = "P. J. Cameron and S. Ghosh",
  journal = "Discrete Mathematics",
  volume = "311",
  number = "13",
  year = "2011"
}

@article{Chein,
  title = "Moufang loops of small order",
  author = "O. Chein",
  journal = "Memoirs of the AMS",
  volume = "13",
  number = "197",
  year = "1978"
}

@book{Cartan,
  title = "Homological algebra",
  author = "H. Cartan and S. Eilenberg",
  publisher = "Princeton University Press",
  year = "1999"
}

@article{Zahirovic,
  title = "A study of enhanced power graphs of finite groups",
  author = "S. {Zahirovi\'{c}} and I. {Bo\v{s}njak} and R. {Madara\'{a}sz}",
  journal = "J. Algebra Appl.",
  year = "2020"
}

@article{EPG,
  title = "On the structure of the power graph and the enhanced power graph of a group",
  author = "G. Aalipour and S. Akbari and P. J. Cameron and R. Nikandish and F. Shaveisi",
  journal = "Electron. J. Comb.",
  volume = "24(3)",
  year = "2017"
}

@article{Tor,
  title = "The power graph of a torsion-free group",
  author = "P. J. Cameron and H. Guerra and S. Jurina",
  journal = "J. Algebr. Comb.",
  volume = "49",
  number = "1",
  pages = "83--98",
  year = "2019"
}

@article{Feng,
  title = "The structure and metric dimension of the power graph of a finite group",
  author = "M. Feng and X. Ma and K. Wang",
  journal = "Eur. J. Comb.",
  volume = "43",
  pages = "82--97",
  year = "2015"
}

@article{Mog,
  title = "Certain properties of the power graph associated with a finite group",
  author = "A. R. Moghaddanfar and S. Rahbariyan and W. J. Shi",
  journal = "Filomat",
  volume = "26",
  number = "6",
  year = "2014"
}

@article{Panda,
  title = "On connectedness of power graphs of finite groups",
  author = "R. P. Panda and K. V. Krishna",
  journal = "J. Algebr. Appl.",
  volume = "17",
  number = "10",
  year = "2018"
}

@article{2-loops,
  title = "Nilpotence of finite Moufang 2-loops",
  author = "G. Glauberman and C. R. B. Wright",
  journal = "Journal of Algebra",
  volume = "8",
  number = "4",
  year = "1968"
}

@misc{LOOPS,
  title = "GAP LOOPS package",
  author = "G. Nagy and P. {Vojt\v{e}chovks\`{y}}",
  year = "2017"
}

@misc{Prover9,
  title = "Prover9 and Mace4",
  author = "W. McCune",
  year = "2005--2010",
  note = "\url{http://www.cs.unm.edu/~mccune/prover9}"
}

@article{LG,
  title = "Lagrange's theorem for Moufang loops",
  author = "A. Grishkov and A. V. Zavarnitsine",
  journal = "Math. Proc. Camb. Phil. Soc.",
  volume = "139(01)",
  year = "2005",
  pages = "41--57"
}

@book{Burnside,
  title = "Theory of groups of finite order",
  author = "W. Burnside",
  publisher = "Dover Publ.",
  note = "reprint",
  year = "1955"
}

@article{SUF,
  title = "Loops with universal and semi-universal flexibility",
  author = "M. Kinyon and K. Kunen and J.D. Phillips",
  journal = "preprint",
  year = "2021"
}

@article{trimedial,
  title = "Axioms for trimedial quasigroups",
  author = "M. Kinyon and J.D. Phillips",
  journal = "Comment. Math. Univ. Carolin.",
  year = "2003",
  volume = "45",
  number = "2",
  pages = "287--294"
}

@manual{GAP4,
  key = "GAP",
  organization = "the GAP~Group",
  title = "{GAP -- Groups, Algorithms, and Programming,
          version 4.11.1}",
  year = "2021",
  url = "\url{https://www.gap-system.org}",
}

@article{incidence,
  title = "Incidence properties of cosets",
  author = "M. Kinyon and K. Pula and P. {Vojt\v{e}chovks\`{y}}",
  journal = "J. Combinatorial Designs",
  year = "2012",
  volume = "20",
  pages = "161--197"
}

@book{Brown,
  title = "Cohomology of groups",
  author = "K. Brown",
  publisher = "Springer-Verlag",
  year = "1982"
}

@article{genQuat,
  title = "Generalized quaternions",
  author = "K. Conrad",
  year = "2018",
  journal = "preprint"
}

@article{FG,
  title = "F-quasigroups isotopic to groups",
  author = "T. Kepka and M. K. Kinyon and J. D. Phillips",
  year = "2006",
  journal = "preprint"
}

@book{Goodaire,
  title = "The Moufang loops of order less than 64",
  year = "1999",
  author = "E. G. Goodaire and S. May and M. Raman",
  publisher = "Nova Science Publishers, Inc."
}

@article{Glau,
  title = "On loops of odd order",
  author = "G. Glauberman",
  year = "1964",
  journal = "Journal of Algebra",
  volume = "1",
  issue = "4",
  pages = "374--396"
}

@article{LineGraph,
  title = "Line graph characterization of power graphs of finite nilpotent groups",
  author = "S. Bera",
  year = "2010",
  journal = "Preprint"
}

@article{GraphSemigroups,
  title = "Undirected power graphs of semigroups",
  author = "I. Chakrabarty and S. Ghosh and M. K. Sen",
  year = "2009",
  journal = "Semigroup Forum",
  volume = "78",
  pages = "410--426"
}

@book{univAlg,
  title = "A course in universal algebra",
  author = "S. Burris and H. P. Sankappanavar",
  year = "1981",
  publisher = "Springer"
}

@article{triabelian,
  title = "Structure of triabelian quasigroups",
  author = "T. Kepka",
  journal = "Comment. Math. Univ. Carolinae",
  year = "1976",
  volume = "17",
  pages = "229--240"
}

@article{buch,
  title = "Buchsteiner loops",
  author = "P. Csorgo and A. Drapal and M. Kinyon",
  year = "2009",
  journal = "Internat. J. Alebra Comput.",
  volume = "19",
  number = "8",
  pages = "1049--1088"
}

@article{okubo,
  author = "J. D. Smith and P. Vojt\v{e}chovks\`{y},
  title = "Okubo quasigroups",
  year = "2022",
  journal = "Documenta Mathematica",
  note = "preprint"
}
